<record><leader>00000cas a2200000Ia 4500</leader><controlfield tag="001">12934973</controlfield><controlfield tag="008">851219d19781988couwr ne      0    0eng d</controlfield><datafield ind1=" " ind2=" " tag="010"><subfield code="a">sn 90051446 </subfield></datafield><datafield ind1=" " ind2=" " tag="040"><subfield code="a">CDF</subfield><subfield code="b">eng</subfield><subfield code="c">CDF</subfield><subfield code="d">CNQ</subfield><subfield code="d">OCLCQ</subfield></datafield><datafield ind1="0" ind2=" " tag="130"><subfield code="a">Silver world (Lake City, Colo. : 1978)</subfield></datafield><datafield ind1="1" ind2="0" tag="245"><subfield code="a">Silver world.</subfield></datafield><datafield ind1=" " ind2=" " tag="260"><subfield code="a">Lake City, Colo. :</subfield><subfield code="b">Grant E. Houston</subfield></datafield><datafield ind1=" " ind2=" " tag="300"><subfield code="a">v.</subfield></datafield><datafield ind1=" " ind2=" " tag="310"><subfield code="a">Weekly</subfield></datafield><datafield ind1="0" ind2=" " tag="362"><subfield code="a">May 26, 1978- ; -v. 10, no. 52 (May 13, 1988).</subfield></datafield><datafield ind1=" " ind2=" " tag="530"><subfield code="a">Available on microfilm from the Colorado Historical Society.</subfield></datafield><datafield ind1=" " ind2=" " tag="752"><subfield code="a">United States</subfield><subfield code="b">Colorado</subfield><subfield code="c">Hinsdale</subfield><subfield code="d">Lake City.</subfield></datafield><datafield ind1="0" ind2="0" tag="785"><subfield code="t">Lake City silver world</subfield><subfield code="w">(DLC)sn 91052124</subfield></datafield></record>